@misc{Bitcoin,
    title = {Bitcoin: A peer-to-peer electronic cash system},
    author = {Nakamoto, Satoshi},
    howpublished = {\url{http://www.cryptovest.co.uk/resources/Bitcoin%20paper%20Original.pdf}},
    year = 2008
}

@misc(Docker,
    title = {Docker},
    howpublished = {\url{https://www.docker.com/}}
)

@misc(Kubernetes,
    title = {Kubernetes},
    howpublished = {\url{https://kubernetes.io/ja/}}
)

@misc(OpenVPN,
    title = {OpenVPN},
    howpublished = {\url{https://openvpn.net/}}
)